@article{anderson_comp_ethology_2014,
	title = {Toward a {Science} of {Computational} {Ethology}},
	volume = {84},
	issn = {0896-6273},
	doi = {10.1016/j.neuron.2014.09.005},
	number = {1},
	urldate = {2024-01-22},
	journal = {Neuron},
	author = {Anderson, David J. and Perona, Pietro},
	month = oct,
	year = {2014},
	pages = {18--31},
}

@article{hsu_b-soid_2021,
	title = {B-{SOiD}, an open-source unsupervised algorithm for identification and fast prediction of behaviors},
	volume = {12},
	issn = {2041-1723},
	doi = {10.1038/s41467-021-25420-x},
	language = {en},
	number = {1},
	urldate = {2024-01-22},
	journal = {Nature Communications},
	author = {Hsu, Alexander I. and Yttri, Eric A.},
	month = aug,
	year = {2021},
	pages = {5188},
}


@InProceedings{naik_3d-pop_2023,
    author    = {Naik, Hemal and Chan, Alex Hoi Hang and Yang, Junran and Delacoux, Mathilde and Couzin, Iain D. and Kano, Fumihiro and Nagy, M\'at\'e},
    title     = {{3D-POP} - An Automated Annotation Approach to Facilitate Markerless {2D-3D} Tracking of Freely Moving Birds With Marker-Based Motion Capture},
    booktitle = {Proceedings of the IEEE/CVF Conference on Computer Vision and Pattern Recognition (CVPR)},
    month     = {June},
    year      = {2023},
    pages     = {21274-21284}
}
}

@article{wittek_supervised_2023,
	title = {Supervised machine learning aided behavior classification in pigeons},
	volume = {55},
	issn = {1554-3528},
	doi = {10.3758/s13428-022-01881-w},
	language = {en},
	number = {4},
	urldate = {2024-01-31},
	journal = {Behavior Research Methods},
	author = {Wittek, Neslihan and Wittek, Kevin and Keibel, Christopher and Güntürkün, Onur},
	month = jun,
	year = {2023},
	pages = {1624--1640},
}


@article{hughey_challenges_2018,
	title = {Challenges and solutions for studying collective animal behaviour in the wild},
	volume = {373},
	doi = {10.1098/rstb.2017.0005},
	number = {1746},
	urldate = {2024-04-03},
	journal = {Philosophical Transactions of the Royal Society B: Biological Sciences},
	author = {Hughey, Lacey F. and Hein, Andrew M. and Strandburg-Peshkin, Ariana and Jensen, Frants H.},
	month = mar,
	year = {2018},
	pages = {20170005},
}


@article{brown_accelerometer_finescale_2013,
	title = {Observing the unwatchable through acceleration logging of animal behavior},
	volume = {1},
	issn = {2050-3385},
	doi = {10.1186/2050-3385-1-20},
	number = {1},
	urldate = {2024-08-05},
	journal = {Animal Biotelemetry},
	author = {Brown, Danielle D. and Kays, Roland and Wikelski, Martin and Wilson, Rory and Klimley, A. Peter},
	month = dec,
	year = {2013},
	pages = {20},
}




@article{segalin_mouse_2021,
	title = {The {Mouse} {Action} {Recognition} {System} ({MARS}) software pipeline for automated analysis of social behaviors in mice},
	volume = {10},
	issn = {2050-084X},
	doi = {10.7554/eLife.63720},
	urldate = {2024-07-25},
	journal = {eLife},
	author = {Segalin, Cristina and Williams, Jalani and Karigo, Tomomi and Hui, May and Zelikowsky, Moriel and Sun, Jennifer J and Perona, Pietro and Anderson, David J and Kennedy, Ann},
	editor = {Berman, Gordon J and Wassum, Kate M and Gal, Asaf},
	month = nov,
	year = {2021},
	keywords = {computer vision, machine learning, microendoscopic imaging, pose estimation, social behavior, software},
	pages = {e63720},
}

@article{datta_computational_2019,
	title = {Computational {Neuroethology}: {A} {Call} to {Action}},
	volume = {104},
	issn = {0896-6273},
	shorttitle = {Computational {Neuroethology}},
	doi = {10.1016/j.neuron.2019.09.038},
	language = {English},
	number = {1},
	urldate = {2024-07-29},
	journal = {Neuron},
	author = {Datta, Sandeep Robert and Anderson, David J. and Branson, Kristin and Perona, Pietro and Leifer, Andrew},
	month = oct,
	year = {2019},
	pmid = {31600508},
	keywords = {overview paper},
	pages = {11--24},
}

@article{mathis_deeplearning_2020,
	series = {Neurobiology of {Behavior}},
	title = {Deep learning tools for the measurement of animal behavior in neuroscience},
	volume = {60},
	issn = {0959-4388},
	doi = {10.1016/j.conb.2019.10.008},
	urldate = {2024-07-29},
	journal = {Current Opinion in Neurobiology},
	author = {Mathis, Mackenzie Weygandt and Mathis, Alexander},
	month = feb,
	year = {2020},
	keywords = {overview paper},
	pages = {1--11},
}


@article{tillmann_A-soid_2024,
	title = {A-{SOiD}, an active-learning platform for expert-guided, data-efficient discovery of behavior},
	volume = {21},
	copyright = {2024 The Author(s), under exclusive licence to Springer Nature America, Inc.},
	issn = {1548-7105},
	shorttitle = {A-{SOiD}},
	doi = {10.1038/s41592-024-02200-1},
	language = {en},
	number = {4},
	urldate = {2024-04-14},
	journal = {Nature Methods},
	author = {Tillmann, Jens F. and Hsu, Alexander I. and Schwarz, Martin K. and Yttri, Eric A.},
	month = apr,
	year = {2024},
	keywords = {random forests, supervised learning, unsupervised learning, to read},
	pages = {703--711},
}




@misc{waldmann_3d-muppet_2023,
	title = {{3D}-{MuPPET}: {3D} {Multi}-{Pigeon} {Pose} {Estimation} and {Tracking}},
	shorttitle = {{3D}-{MuPPET}},
	doi = {10.48550/arXiv.2308.15316},
	publisher = {arXiv},
	author = {Waldmann, Urs and Chan, Alex Hoi Hang and Naik, Hemal and Nagy, Máté and Couzin, Iain D. and Deussen, Oliver and Goldluecke, Bastian and Kano, Fumihiro},
	month = dec,
	year = {2023},
	note = {arXiv:2308.15316 [cs]},
	keywords = {intro, intro - 3D kp, discussion - markerless},
}


@inproceedings{joska_acinoset_2021,
	title = {{AcinoSet}: {A} {3D} {Pose} {Estimation} {Dataset} and {Baseline} {Models} for {Cheetahs} in the {Wild}},
	shorttitle = {Cheetah {Markerless}},
	doi = {10.1109/ICRA48506.2021.9561338},
	urldate = {2024-04-17},
	booktitle = {2021 {IEEE} {International} {Conference} on {Robotics} and {Automation} ({ICRA})},
	author = {Joska, Daniel and Clark, Liam and Muramatsu, Naoya and Jericevich, Ricardo and Nicolls, Fred and Mathis, Alexander and Mathis, Mackenzie W. and Patel, Amir},
	month = may,
	year = {2021},
	keywords = {DeepLabCut, discussion - markerless, intro - 3D kp},
	pages = {13901--13908},
}


@article{mathis_deeplabcut_2018,
	title = {{DeepLabCut}: markerless pose estimation of user-defined body parts with deep learning},
	volume = {21},
	copyright = {2018 The Author(s)},
	issn = {1546-1726},
	shorttitle = {{DeepLabCut}},
	doi = {10.1038/s41593-018-0209-y},
	language = {en},
	number = {9},
	urldate = {2024-04-23},
	journal = {Nature Neuroscience},
	author = {Mathis, Alexander and Mamidanna, Pranav and Cury, Kevin M. and Abe, Taiga and Murthy, Venkatesh N. and Mathis, Mackenzie Weygandt and Bethge, Matthias},
	month = sep,
	year = {2018},
	pages = {1281--1289},
}



@inproceedings{chen_xgboost_2016,
	title = {{XGBoost}: {A} {Scalable} {Tree} {Boosting} {System}},
	shorttitle = {{XGBoost}},
	doi = {10.1145/2939672.2939785},
	urldate = {2024-07-17},
	booktitle = {Proceedings of the 22nd {ACM} {SIGKDD} {International} {Conference} on {Knowledge} {Discovery} and {Data} {Mining}},
	author = {Chen, Tianqi and Guestrin, Carlos},
	month = aug,
	year = {2016},
	keywords = {Computer Science - Machine Learning},
	pages = {785--794},
}

@article{breiman_randomforest_2001,
	title = {Random {Forests}},
	volume = {45},
	issn = {1573-0565},
	shorttitle = {Random {Forest}},
	doi = {10.1023/A:1010933404324},
	language = {en},
	number = {1},
	urldate = {2024-08-05},
	journal = {Machine Learning},
	author = {Breiman, Leo},
	month = oct,
	year = {2001},
	keywords = {classification, ensemble, regression},
	pages = {5--32},
}


@article{torney_caribou_remotesensing_2018,
	title = {Inferring the rules of social interaction in migrating caribou},
	volume = {373},
	issn = {0962-8436},
	shorttitle = {Caribou remote sensing},
	doi = {10.1098/rstb.2017.0385},
	number = {1746},
	urldate = {2024-08-06},
	journal = {Philosophical Transactions of the Royal Society B: Biological Sciences},
	author = {Torney, Colin J. and Lamont, Myles and Debell, Leon and Angohiatok, Ryan J. and Leclerc, Lisa-Marie and Berdahl, Andrew M.},
	month = may,
	year = {2018},
	pmid = {29581404},
	pmcid = {PMC5882989},
	pages = {20170385},
}


@article{kays_GPS_2015,
	title = {Terrestrial animal tracking as an eye on life and planet},
	volume = {348},
	shorttitle = {{GPS} animal},
	doi = {10.1126/science.aaa2478},
	number = {6240},
	urldate = {2024-08-06},
	journal = {Science},
	author = {Kays, Roland and Crofoot, Margaret C. and Jetz, Walter and Wikelski, Martin},
	month = jun,
	year = {2015},
	pages = {aaa2478},
}


@article{ML_for_behaviour_2017,
	title = {Applications of machine learning in animal behaviour studies},
	volume = {124},
	issn = {0003-3472},
	doi = {10.1016/j.anbehav.2016.12.005},
	urldate = {2024-04-11},
	journal = {Animal Behaviour},
	author = {Valletta, John Joseph and Torney, Colin and Kings, Michael and Thornton, Alex and Madden, Joah},
	month = feb,
	year = {2017},
	keywords = {animal behaviour data, classification, clustering, dimensionality reduction, machine learning, predictive modelling, random forests, social networks, supervised learning, unsupervised learning, ML overview paper, to read},
	pages = {203--220},
}


@article{behav_across_scales_2018,
	title = {Measuring behavior across scales},
	volume = {16},
	issn = {1741-7007},
	doi = {10.1186/s12915-018-0494-7},
	number = {1},
	urldate = {2024-01-22},
	journal = {BMC Biology},
	author = {Berman, Gordon J.},
	month = feb,
	year = {2018},
	keywords = {Autoregressive Hidden Markov Models (AR-HMM), Behavioral Representation, Computational Psychiatry, Dynamic Mode Decomposition, Lagrangian Coherent Structures, ML overview paper, to read},
	pages = {23},
}


@article{pereira_quantifying_2020,
	title = {Quantifying behavior to understand the brain},
	volume = {23},
	copyright = {2020 Springer Nature America, Inc.},
	issn = {1546-1726},
	doi = {10.1038/s41593-020-00734-z},
	language = {en},
	number = {12},
	urldate = {2024-07-29},
	journal = {Nature Neuroscience},
	author = {Pereira, Talmo D. and Shaevitz, Joshua W. and Murthy, Mala},
	month = dec,
	year = {2020},
	pages = {1537--1549},
}


@article{panda_2021,
	title = {Giant panda behaviour recognition using images},
	volume = {26},
	issn = {2351-9894},
	shorttitle = {Panda},
	doi = {10.1016/j.gecco.2021.e01510},
	urldate = {2024-04-21},
	journal = {Global Ecology and Conservation},
	author = {Swarup, Pranjal and Chen, Peng and Hou, Rong and Que, Pinjia and Liu, Peng and Kong, Adams Wai Kin},
	month = apr,
	year = {2021},
	pages = {e01510},
}


@article{animal_welfare_2016,
	title = {Updating {Animal} {Welfare} {Thinking}: {Moving} beyond the “{Five} {Freedoms}” towards “{A} {Life} {Worth} {Living}”},
	volume = {6},
	issn = {2076-2615},
	shorttitle = {Updating {Animal} {Welfare} {Thinking}},
	doi = {10.3390/ani6030021},
	language = {en},
	number = {3},
	urldate = {2024-08-07},
	journal = {Animals},
	author = {Mellor, David J.},
	month = mar,
	year = {2016},
	pages = {21},
}


@article{locust_2024,
	title = {Synergistic olfactory processing for social plasticity in desert locusts},
	volume = {15},
	copyright = {2024 The Author(s)},
	issn = {2041-1723},
	doi = {10.1038/s41467-024-49719-7},
	language = {en},
	number = {1},
	urldate = {2024-08-07},
	journal = {Nature Communications},
	author = {Petelski, Inga and Günzel, Yannick and Sayin, Sercan and Kraus, Susanne and Couzin-Fuchs, Einat},
	month = jun,
	year = {2024},
	pages = {5476},
}


@article{rf_vs_xg_2019,
	title = {Tree-based ensembles unveil the microhabitat suitability for the invasive bleak (\textit{{Alburnus} alburnus} {L}.) and pumpkinseed (\textit{{Lepomis} gibbosus} {L}.): {Introducing} {XGBoost} to eco-informatics},
	volume = {53},
	issn = {1574-9541},
	doi = {10.1016/j.ecoinf.2019.100974},
	urldate = {2024-08-07},
	journal = {Ecological Informatics},
	author = {Muñoz-Mas, Rafael and Gil-Martínez, Enric and Oliva-Paterna, Francisco J. and Belda, Eduardo J. and Martínez-Capel, Francisco},
	month = sep,
	year = {2019},
	pages = {100974},
}



@article{delacoux_fine-scale_2024,
	title = {Fine-scale tracking reveals visual field use for predator detection and escape in collective foraging of pigeon flocks},
	volume = {13},
	doi = {10.7554/eLife.95549.2},
	language = {en},
	urldate = {2024-08-08},
	journal = {eLife},
	author = {Delacoux, Mathilde and Kano, Fumihiro},
	month = jul,
	year = {2024},
	note = {Publisher: eLife Sciences Publications Limited},
	file = {Full Text PDF:/home/tianle/snap/zotero-snap/common/Zotero/storage/U876ITKB/Delacoux and Kano - 2024 - Fine-scale tracking reveals visual field use for p.pdf:application/pdf},
}


@article{sheep_timeseries_2018,
	title = {Evaluation of sampling frequency, window size and sensor position for classification of sheep behaviour},
	volume = {5},
	doi = {10.1098/rsos.171442},
	number = {2},
	urldate = {2024-08-09},
	journal = {Royal Society Open Science},
	author = {Walton, Emily and Casey, Christy and Mitsch, Jurgen and Vázquez-Diosdado, Jorge A. and Yan, Juan and Dottorini, Tania and Ellis, Keith A. and Winterlich, Anthony and Kaler, Jasmeet},
	month = feb,
	year = {2018},
	pages = {171442},
}

@article{fly_timeseries_2019,
	title = {An automatic behavior recognition system classifies animal behaviors using movements and their temporal context},
	volume = {326},
	issn = {0165-0270},
	doi = {10.1016/j.jneumeth.2019.108352},
	urldate = {2024-08-09},
	journal = {Journal of Neuroscience Methods},
	author = {Ravbar, Primoz and Branson, Kristin and Simpson, Julie H.},
	month = oct,
	year = {2019},
	keywords = {Behavior, Grooming, Machine learning, Neuroethology},
	pages = {108352},
}


@article{nagy_smart-barn_2023,
	title = {{SMART}-{BARN}: {Scalable} multimodal arena for real-time tracking behavior of animals in large numbers},
	volume = {9},
	shorttitle = {{SMART}-{BARN}},
	doi = {10.1126/sciadv.adf8068},
	number = {35},
	urldate = {2024-08-10},
	journal = {Science Advances},
	author = {Nagy, Máté and Naik, Hemal and Kano, Fumihiro and Carlson, Nora V. and Koblitz, Jens C. and Wikelski, Martin and Couzin, Iain D.},
	month = sep,
	year = {2023},
	pages = {eadf8068},
}



@misc{3D_monkey_2023,
	title = {Three-dimensional markerless motion capture of multiple freely behaving monkeys for automated characterization of social behavior},
	doi = {10.1101/2023.09.13.556332},
	language = {en},
	urldate = {2024-04-14},
	publisher = {bioRxiv},
	author = {Matsumoto, Jumpei and Kaneko, Takaaki and Kimura, Kei and Negrete, Salvador Blanco and Guo, Jia and Suda-Hashimoto, Naoko and Kaneko, Akihisa and Morimoto, Mayumi and Nishimaru, Hiroshi and Setogawa, Tsuyoshi and Go, Yasuhiro and Shibata, Tomohiro and Nishijo, Hisao and Takada, Masahiko and Inoue, Ken-ichi},
	month = sep,
	year = {2023},
	keywords = {unsupervised learning, to read, SVM, k-means clustering},
	file = {Full Text PDF:/home/tianle/snap/zotero-snap/common/Zotero/storage/FLGN9VP7/Matsumoto et al. - 2023 - Three-dimensional markerless motion capture of mul.pdf:application/pdf},
}


@article{3D_macaque_2020,
	title = {Automated markerless pose estimation in freely moving macaques with {OpenMonkeyStudio}},
	volume = {11},
	copyright = {2020 The Author(s)},
	issn = {2041-1723},
	shorttitle = {{OpenMonkeyStudio}},
	doi = {10.1038/s41467-020-18441-5},
	language = {en},
	number = {1},
	urldate = {2024-01-31},
	journal = {Nature Communications},
	author = {Bala, Praneet C. and Eisenreich, Benjamin R. and Yoo, Seng Bum Michael and Hayden, Benjamin Y. and Park, Hyun Soo and Zimmermann, Jan},
	month = sep,
	year = {2020},
	pages = {4560},
}


@article{ellipsoid_mouse_2019,
	title = {Robust mouse tracking in complex environments using neural networks},
	volume = {2},
	copyright = {2019 The Author(s)},
	issn = {2399-3642},
	shorttitle = {ellipsoid tracking},
	doi = {10.1038/s42003-019-0362-1},
	language = {en},
	number = {1},
	urldate = {2024-08-10},
	journal = {Communications Biology},
	author = {Geuther, Brian Q. and Deats, Sean P. and Fox, Kai J. and Murray, Steve A. and Braun, Robert E. and White, Jacqueline K. and Chesler, Elissa J. and Lutz, Cathleen M. and Kumar, Vivek},
	month = mar,
	year = {2019},
	note = {Publisher: Nature Publishing Group},
	pages = {1--11},
}


@article{LEAP_2019,
	title = {Fast animal pose estimation using deep neural networks},
	volume = {16},
	issn = {1548-7105},
	shorttitle = {{LEAP}},
	doi = {10.1038/s41592-018-0234-5},
	language = {eng},
	number = {1},
	journal = {Nature Methods},
	author = {Pereira, Talmo D. and Aldarondo, Diego E. and Willmore, Lindsay and Kislin, Mikhail and Wang, Samuel S.-H. and Murthy, Mala and Shaevitz, Joshua W.},
	month = jan,
	year = {2019},
	pmid = {30573820},
	pmcid = {PMC6899221},
	keywords = {Algorithms, Animals, Automation, Behavior, Animal, Computer Graphics, Deep Learning, Drosophila melanogaster, Gait, Locomotion, Male, Mice, Neural Networks, Computer, Pattern Recognition, Automated, User-Computer Interface},
	pages = {117--125},
}


@article{head-bobbing_1988,
	title = {Head-{Bobbing} {During} {Walking}, {Running} and {Flying}: {Relative} {Motion} {Perception} in the {Pigeon}},
	volume = {138},
	issn = {0022-0949},
	shorttitle = {Head-{Bobbing} {During} {Walking}, {Running} and {Flying}},
	doi = {10.1242/jeb.138.1.71},
	number = {1},
	urldate = {2024-08-11},
	journal = {Journal of Experimental Biology},
	author = {Davies, Mark N. O. and Green, Patrick R.},
	month = sep,
	year = {1988},
	pages = {71--91},
}

@article{c_elegans_2013,
	title = {A dictionary of behavioral motifs reveals clusters of genes affecting {Caenorhabditis} elegans locomotion},
	volume = {110},
	doi = {10.1073/pnas.1211447110},
	number = {2},
	urldate = {2024-08-11},
	journal = {Proceedings of the National Academy of Sciences},
	author = {Brown, André E. X. and Yemini, Eviatar I. and Grundy, Laura J. and Jucikas, Tadas and Schafer, William R.},
	month = jan,
	year = {2013},
	pages = {791--796},
}


@article{2D3Dkp_review_2021,
	title = {A review of deep learning techniques for {2D} and {3D} human pose estimation},
	volume = {114},
	issn = {0262-8856},
	shorttitle = {{2D} {3D} kp review},
	doi = {10.1016/j.imavis.2021.104282},
	urldate = {2024-08-11},
	journal = {Image and Vision Computing},
	author = {Ben Gamra, Miniar and Akhloufi, Moulay A.},
	month = oct,
	year = {2021},
	keywords = {2D and 3D human pose estimation, CNN, Computer vision, Deep learning, Single-person and multi-person pose estimation},
	pages = {104282},
}


@article{banos_window_2014,
	title = {Window {Size} {Impact} in {Human} {Activity} {Recognition}},
	volume = {14},
	copyright = {http://creativecommons.org/licenses/by/3.0/},
	issn = {1424-8220},
	doi = {10.3390/s140406474},
	language = {en},
	number = {4},
	urldate = {2024-08-11},
	journal = {Sensors},
	author = {Banos, Oresti and Galvez, Juan-Manuel and Damas, Miguel and Pomares, Hector and Rojas, Ignacio},
	month = apr,
	year = {2014},
	pages = {6474--6499},
}


@article{collective_2005,
	title = {The principles of collective animal behaviour},
	volume = {361},
	doi = {10.1098/rstb.2005.1733},
	number = {1465},
	urldate = {2024-08-12},
	journal = {Philosophical Transactions of the Royal Society B: Biological Sciences},
	author = {Sumpter, D.j.t},
	month = nov,
	year = {2005},
	pages = {5--22},
}


@article{keypoint-moseq_2024,
	title = {Keypoint-{MoSeq}: parsing behavior by linking point tracking to pose dynamics},
	volume = {21},
	copyright = {2024 The Author(s)},
	issn = {1548-7105},
	shorttitle = {Keypoint-{MoSeq}},
	doi = {10.1038/s41592-024-02318-2},
	language = {en},
	number = {7},
	urldate = {2024-08-15},
	journal = {Nature Methods},
	author = {Weinreb, Caleb and Pearl, Jonah E. and Lin, Sherry and Osman, Mohammed Abdal Monium and Zhang, Libby and Annapragada, Sidharth and Conlin, Eli and Hoffmann, Red and Makowska, Sofia and Gillis, Winthrop F. and Jay, Maya and Ye, Shaokai and Mathis, Alexander and Mathis, Mackenzie W. and Pereira, Talmo and Linderman, Scott W. and Datta, Sandeep Robert},
	month = jul,
	year = {2024},
	keywords = {Computational biology and bioinformatics, Drosophila, Mouse, Neuroscience},
	pages = {1329--1339},
}


@article{neck_2023,
	title = {A surrogate forelimb: {Evolution}, function and development of the avian cervical spine},
	volume = {284},
	copyright = {© 2023 The Authors. Journal of Morphology published by Wiley Periodicals LLC.},
	issn = {1097-4687},
	shorttitle = {A surrogate forelimb},
	doi = {10.1002/jmor.21638},
	language = {en},
	number = {10},
	urldate = {2024-08-16},
	journal = {Journal of Morphology},
	author = {Marek, Ryan D.},
	year = {2023},
	keywords = {avian, axial, biomechanics, development, evolution, neck, vertebrae},
	pages = {e21638},
}

@article{human_angles_2020,
	title = {Development of {Classification} {Algorithms} for the {Detection} of {Postures} {Using} {Non}-{Marker}-{Based} {Motion} {Capture} {Systems}},
	volume = {10},
	copyright = {http://creativecommons.org/licenses/by/3.0/},
	issn = {2076-3417},
	doi = {10.3390/app10114028},
	language = {en},
	number = {11},
	urldate = {2024-08-16},
	journal = {Applied Sciences},
	author = {Klishkovskaia, Tatiana and Aksenov, Andrey and Sinitca, Aleksandr and Zamansky, Anna and Markelov, Oleg A. and Kaplun, Dmitry},
	month = jan,
	year = {2020},
	keywords = {exercise classification, motion capture, posture classification, skeleton detection, virtual rehabilitation},
	pages = {4028},
}


@inproceedings{curse_2005,
	title = {The {Curse} of {Dimensionality} in {Data} {Mining} and {Time} {Series} {Prediction}},
	isbn = {978-3-540-32106-4},
	doi = {10.1007/11494669_93},
	language = {en},
	booktitle = {Computational {Intelligence} and {Bioinspired} {Systems}},
	author = {Verleysen, Michel and François, Damien},
	year = {2005},
	keywords = {Data Analysis Tool, Gaussian Kernel, Norm Phenomenon, Stock Market Index, Time Series Prediction},
	pages = {758--770},
}


@article{curses_2018,
	title = {The curse(s) of dimensionality},
	volume = {15},
	copyright = {2018 The Author(s)},
	issn = {1548-7105},
	doi = {10.1038/s41592-018-0019-x},
	abstract = {There is such a thing as too much of a good thing.},
	language = {en},
	number = {6},
	urldate = {2024-08-17},
	journal = {Nature Methods},
	author = {Altman, Naomi and Krzywinski, Martin},
	month = jun,
	year = {2018},
	keywords = {Bioinformatics, Biological Microscopy, Biological Techniques, Biomedical Engineering/Biotechnology, general, Life Sciences, Proteomics},
	pages = {399--400},
}


@article{deeplabcut_3D_2019,
	title = {Using {DeepLabCut} for {3D} markerless pose estimation across species and behaviors},
	volume = {14},
	issn = {1750-2799},
	doi = {10.1038/s41596-019-0176-0},
	language = {en},
	number = {7},
	journal = {Nature Protocols},
	author = {Nath, Tanmay and Mathis, Alexander and Chen, An Chi and Patel, Amir and Bethge, Matthias and Mathis, Mackenzie Weygandt},
	month = jul,
	year = {2019},
	pages = {2152--2176},
}



@article{deep_mocap_2020,
	title = {A {Primer} on {Motion} {Capture} with {Deep} {Learning}: {Principles}, {Pitfalls}, and {Perspectives}},
	volume = {108},
	issn = {0896-6273},
	shorttitle = {Mo-{Cap} deep learning review},
	doi = {10.1016/j.neuron.2020.09.017},
	language = {English},
	number = {1},
	journal = {Neuron},
	author = {Mathis, Alexander and Schneider, Steffen and Lauer, Jessy and Mathis, Mackenzie Weygandt},
	month = oct,
	year = {2020},
	pmid = {33058765},
	pages = {44--65},
}


@article{monocular_2022,
	title = {Recent {Advances} of {Monocular} {2D} and {3D} {Human} {Pose} {Estimation}: {A} {Deep} {Learning} {Perspective}},
	volume = {55},
	issn = {0360-0300},
	shorttitle = {Recent {Advances} of {Monocular} {2D} and {3D} {Human} {Pose} {Estimation}},
	doi = {10.1145/3524497},
	number = {4},
	urldate = {2024-08-17},
	journal = {ACM Comput. Surv.},
	author = {Liu, Wu and Bao, Qian and Sun, Yu and Mei, Tao},
	month = nov,
	year = {2022},
	pages = {80:1--80:41},
}


@article{RNN_window_2019,
	title = {Classification of multiple cattle behavior patterns using a recurrent neural network with long short-term memory and inertial measurement units},
	volume = {157},
	issn = {0168-1699},
	shorttitle = {{RNN} window},
	doi = {10.1016/j.compag.2018.12.023},
	journal = {Computers and Electronics in Agriculture},
	author = {Peng, Yingqi and Kondo, Naoshi and Fujiura, Tateshi and Suzuki, Tetsuhito and {Wulandari} and Yoshioka, Hidetsugu and Itoyama, Erina},
	month = feb,
	year = {2019},
	keywords = {Behavior classification, Inertial Measurement Units, LSTM, Precision Management, RNN},
	pages = {247--253},
}


@article{bergen_review_2023,
	title = {A review of supervised learning methods for classifying animal behavioural states from environmental features},
	volume = {14},
	issn = {2041-210X},
	doi = {10.1111/2041-210X.14019},
	language = {en},
	number = {1},
	journal = {Methods in Ecology and Evolution},
	author = {Bergen, Silas and Huso, Manuela M. and Duerr, Adam E. and Braham, Melissa A. and Schmuecker, Sara and Miller, Tricia A. and Katzner, Todd E.},
	year = {2023},
	note = {\_eprint: https://onlinelibrary.wiley.com/doi/pdf/10.1111/2041-210X.14019},
	keywords = {supervised learning, behavioural classification, boosted classification tree, neural networks, random forest, weighted k-nearest neighbour, XGBoost},
	pages = {189--202},
}


@article{yu_evaluation_2021,
	title = {An evaluation of machine learning classifiers for next-generation, continuous-ethogram smart trackers},
	volume = {9},
	issn = {2051-3933},
	doi = {10.1186/s40462-021-00245-x},
	number = {1},
	urldate = {2024-08-11},
	journal = {Movement Ecology},
	author = {Yu, Hui and Deng, Jian and Nathan, Ran and Kröschel, Max and Pekarsky, Sasha and Li, Guozheng and Klaassen, Marcel},
	month = mar,
	year = {2021},
	keywords = {Behaviour classification, Accelerometer, XGBoost, ANN, On-board processing, Random forest},
	pages = {15},
}

@book{timeseries_book,
  title={Machine learning for time series forecasting with Python},
  author={Lazzeri, Francesca},
  year={2020},
  publisher={John Wiley \& Sons}
}


@article{sagheer_deep_2021,
	title = {Deep {LSTM}-{Based} {Transfer} {Learning} {Approach} for {Coherent} {Forecasts} in {Hierarchical} {Time} {Series}},
	volume = {21},
	copyright = {http://creativecommons.org/licenses/by/3.0/},
	issn = {1424-8220},
	doi = {10.3390/s21134379},
	language = {en},
	number = {13},
	urldate = {2024-08-18},
	journal = {Sensors},
	author = {Sagheer, Alaa and Hamdoun, Hala and Youness, Hassan},
	month = jan,
	year = {2021},
	keywords = {australian tourism, auto-encoder, coherent forecast, deep long short-term memory, hierarchical time series, power generation},
	pages = {4379},
}


@article{raspa_studying_2021,
	title = {Studying the {Shape} {Variations} of the {Back}, the {Neck}, and the {Mandibular} {Angle} of {Horses} {Depending} on {Specific} {Feeding} {Postures} {Using} {Geometric} {Morphometrics}},
	volume = {11},
	issn = {2076-2615},
	doi = {10.3390/ani11030763},
	language = {en},
	number = {3},
	urldate = {2024-08-19},
	journal = {Animals},
	author = {Raspa, Federica and Roggero, Angela and Palestrini, Claudia and Marten Canavesio, Martina and Bergero, Domenico and Valle, Emanuela},
	month = mar,
	year = {2021},
	keywords = {feeding positions, hay nets, horse, postures, welfare},
	pages = {763},
}

@article{ferres_predicting_2022,
	title = {Predicting {Dog} {Emotions} {Based} on {Posture} {Analysis} {Using} {DeepLabCut}},
	volume = {14},
	issn = {1999-5903},
	doi = {10.3390/fi14040097},
	language = {en},
	number = {4},
	urldate = {2024-08-19},
	journal = {Future Internet},
	author = {Ferres, Kim and Schloesser, Timo and Gloor, Peter A.},
	month = apr,
	year = {2022},
	keywords = {dog emotion, dog emotion detection, machine learning, neural networks},
	pages = {97},
}

@article{scikit-learn,
  title={Scikit-learn: Machine Learning in {P}ython},
  author={Pedregosa, F. and Varoquaux, G. and Gramfort, A. and Michel, V.
          and Thirion, B. and Grisel, O. and Blondel, M. and Prettenhofer, P.
          and Weiss, R. and Dubourg, V. and Vanderplas, J. and Passos, A. and
          Cournapeau, D. and Brucher, M. and Perrot, M. and Duchesnay, E.},
  journal={Journal of Machine Learning Research},
  volume={12},
  pages={2825--2830},
  year={2011}
}


@article{liftpose3d_2021,
	title = {{LiftPose3D}, a deep learning-based approach for transforming two-dimensional to three-dimensional poses in laboratory animals},
	volume = {18},
	copyright = {2021 The Author(s), under exclusive licence to Springer Nature America, Inc.},
	issn = {1548-7105},
	doi = {10.1038/s41592-021-01226-z},
	language = {en},
	number = {8},
	urldate = {2024-08-19},
	journal = {Nature Methods},
	author = {Gosztolai, Adam and Günel, Semih and Lobato-Ríos, Victor and Pietro Abrate, Marco and Morales, Daniel and Rhodin, Helge and Fua, Pascal and Ramdya, Pavan},
	month = aug,
	year = {2021},
	keywords = {Computational neuroscience, Machine learning, Motor control},
	pages = {975--981},
}



@article{beauchamp_what_2008,
	title = {What is the magnitude of the group-size effect on vigilance?},
	volume = {19},
	issn = {1045-2249},
	doi = {10.1093/beheco/arn096},
	number = {6},
	urldate = {2024-07-18},
	journal = {Behavioral Ecology},
	author = {Beauchamp, Guy},
	month = nov,
	year = {2008},
	pages = {1361--1368},
}


@article{shimizu_conspecific_1998,
	title = {Conspecific {Recognition} in {Pigeons} ({Columba} {Livia}) {Using} {Dynamic} {Video} {Images}},
	volume = {135},
	issn = {0005-7959, 1568-539X},
	doi = {10.1163/156853998793066429},
	language = {en},
	number = {1},
	urldate = {2024-08-21},
	journal = {Behaviour},
	author = {Shimizu},
	month = jan,
	year = {1998},
	note = {Publisher: Brill},
	keywords = {Biology, Biology \& Environmental Sciences, Journal},
	pages = {43--53},
	file = {Full Text PDF:/home/tianle/snap/zotero-snap/common/Zotero/storage/4FEKNW3A/Shimizu - 1998 - Conspecific Recognition in Pigeons (Columba Livia).pdf:application/pdf},
}

@article{ware_social_2017,
	title = {Social interactivity in pigeon courtship behavior},
	volume = {63},
	issn = {1674-5507},
	doi = {10.1093/cz/zow066},
	number = {1},
	urldate = {2024-08-21},
	journal = {Current Zoology},
	author = {Ware, Emma L.R. and Saunders, Daniel R. and Troje, Nikolaus F.},
	month = feb,
	year = {2017},
	pages = {85--95},
	file = {Full Text PDF:/home/tianle/snap/zotero-snap/common/Zotero/storage/3Y9LZE9C/Ware et al. - 2017 - Social interactivity in pigeon courtship behavior.pdf:application/pdf;Snapshot:/home/tianle/snap/zotero-snap/common/Zotero/storage/2FAC9E52/2962414.html:text/html},
}


@article{bentejac_comparative_2021,
	title = {A comparative analysis of gradient boosting algorithms},
	volume = {54},
	issn = {1573-7462},
	doi = {10.1007/s10462-020-09896-5},
	language = {en},
	number = {3},
	urldate = {2024-08-22},
	journal = {Artificial Intelligence Review},
	author = {Bentéjac, Candice and Csörgő, Anna and Martínez-Muñoz, Gonzalo},
	month = mar,
	year = {2021},
	keywords = {Artificial Intelligence, CatBoost, Ensembles of classifiers, Gradient boosting, LightGBM, Random forest, XGBoost},
	pages = {1937--1967},
	file = {Full Text PDF:/home/tianle/snap/zotero-snap/common/Zotero/storage/ZLWS8B2M/Bentéjac et al. - 2021 - A comparative analysis of gradient boosting algori.pdf:application/pdf},
}


@article{luxem_identifying_2022,
	title = {Identifying behavioral structure from deep variational embeddings of animal motion},
	volume = {5},
	copyright = {2022 The Author(s)},
	issn = {2399-3642},
	doi = {10.1038/s42003-022-04080-7},
	language = {en},
	number = {1},
	urldate = {2024-08-22},
	journal = {Communications Biology},
	author = {Luxem, Kevin and Mocellin, Petra and Fuhrmann, Falko and Kürsch, Johannes and Miller, Stephanie R. and Palop, Jorge J. and Remy, Stefan and Bauer, Pavol},
	month = nov,
	year = {2022},
	note = {Publisher: Nature Publishing Group},
	keywords = {Behavioural methods, Computational neuroscience},
	pages = {1--15},
	file = {Full Text PDF:/home/tianle/snap/zotero-snap/common/Zotero/storage/CFPTJWGJ/Luxem et al. - 2022 - Identifying behavioral structure from deep variati.pdf:application/pdf},
}

@misc{fazzari_animal_2024,
	title = {Animal {Behavior} {Analysis} {Methods} {Using} {Deep} {Learning}: {A} {Survey}},
	shorttitle = {Animal {Behavior} {Analysis} {Methods} {Using} {Deep} {Learning}},
	doi = {10.48550/arXiv.2405.14002},
	urldate = {2024-08-22},
	publisher = {arXiv},
	author = {Fazzari, Edoardo and Romano, Donato and Falchi, Fabrizio and Stefanini, Cesare},
	month = may,
	year = {2024},
	note = {arXiv:2405.14002 [cs]},
	keywords = {Computer Science - Machine Learning},
	file = {arXiv Fulltext PDF:/home/tianle/snap/zotero-snap/common/Zotero/storage/IJ4NJATQ/Fazzari et al. - 2024 - Animal Behavior Analysis Methods Using Deep Learni.pdf:application/pdf;arXiv.org Snapshot:/home/tianle/snap/zotero-snap/common/Zotero/storage/5KYDUTVZ/2405.html:text/html},
}


@article{bohnslav_deepethogram_2021,
	title = {{DeepEthogram}, a machine learning pipeline for supervised behavior classification from raw pixels},
	volume = {10},
	issn = {2050-084X},
	doi = {10.7554/eLife.63377},
	urldate = {2024-08-15},
	journal = {eLife},
	author = {Bohnslav, James P and Wimalasena, Nivanthika K and Clausing, Kelsey J and Dai, Yu Y and Yarmolinsky, David A and Cruz, Tomás and Kashlan, Adam D and Chiappe, M Eugenia and Orefice, Lauren L and Woolf, Clifford J and Harvey, Christopher D},
	editor = {Mathis, Mackenzie W and Behrens, Timothy E and Mathis, Mackenzie W and Bohacek, Johannes},
	month = sep,
	year = {2021},
	note = {Publisher: eLife Sciences Publications, Ltd},
	keywords = {behavior analysis, computer vision, deep learning},
	pages = {e63377},
}
